<?xml version="1.0" encoding="UTF-8"?><collection xmlns="http://www.loc.gov/MARC21/slim"><record><leader>00513nam--2200193-u-4500</leader><controlfield tag="001">000053218</controlfield><controlfield tag="002">20161230</controlfield><controlfield tag="005">20170102211428</controlfield><controlfield tag="008">110112s1000------------r-----000-0-rum-d</controlfield><datafield ind1=" " ind2=" " tag="040"><subfield code="a">IFIN-HH</subfield></datafield><datafield ind1=" " ind2=" " tag="041"><subfield code="a">rum</subfield></datafield><datafield ind1=" " ind2=" " tag="080"><subfield code="a">539.2:53</subfield></datafield><datafield ind1="1" ind2=" " tag="100"><subfield code="a">Avram, Nicolae M</subfield></datafield><datafield ind1="1" ind2="0" tag="245"><subfield code="a">Nivelele energetice ale ionilor in cristale</subfield><subfield code="c">Nicolae M. Avram; Calin N. Avram</subfield></datafield><datafield ind1=" " ind2=" " tag="260"><subfield code="a">Timisoara</subfield><subfield code="b">Editura Mirton</subfield><subfield code="c">2001</subfield></datafield><datafield ind1=" " ind2=" " tag="300"><subfield code="a">154 p</subfield></datafield><datafield ind1="1" ind2=" " tag="700"><subfield code="a">Avram, Calin N</subfield></datafield><datafield ind1=" " ind2=" " tag="852"><subfield code="a">81257</subfield><subfield code="c">539.2</subfield></datafield><datafield ind1=" " ind2=" " tag="CAT"><subfield code="a">SYS</subfield><subfield code="c">20170102</subfield><subfield code="h">211428</subfield></datafield></record></collection>